<record><leader>00000cas a2200000 a 4500</leader><controlfield tag="001">1760316</controlfield><controlfield tag="008">751101d196819uuilumx ne      0   a0eng c</controlfield><datafield ind1=" " ind2=" " tag="010"><subfield code="a">sn 93023926 </subfield></datafield><datafield ind1=" " ind2=" " tag="040"><subfield code="a">MUL</subfield><subfield code="b">eng</subfield><subfield code="c">MUL</subfield><subfield code="d">EYM</subfield><subfield code="d">CNK</subfield><subfield code="d">CVF</subfield><subfield code="d">NYS</subfield><subfield code="d">OCLCQ</subfield><subfield code="d">OCLCF</subfield><subfield code="d">OCLCO</subfield><subfield code="d">NVF</subfield><subfield code="d">OCLCO</subfield><subfield code="d">OCL</subfield></datafield><datafield ind1=" " ind2=" " tag="012"><subfield code="i">9310</subfield></datafield><datafield ind1=" " ind2=" " tag="042"><subfield code="a">pcc</subfield></datafield><datafield ind1=" " ind2=" " tag="043"><subfield code="a">n-us-il</subfield></datafield><datafield ind1=" " ind2=" " tag="090"><subfield code="a">AP2</subfield><subfield code="b">.N673</subfield></datafield><datafield ind1="0" ind2=" " tag="130"><subfield code="a">News from nowhere (De Kalb, Ill.)</subfield></datafield><datafield ind1="1" ind2="0" tag="245"><subfield code="a">News from nowhere.</subfield></datafield><datafield ind1=" " ind2=" " tag="260"><subfield code="a">DeKalb, Ill. :</subfield><subfield code="b">[publisher not identified],</subfield><subfield code="c">1968-[19--?]</subfield></datafield><datafield ind1=" " ind2=" " tag="300"><subfield code="a">v. :</subfield><subfield code="b">ill.</subfield></datafield><datafield ind1=" " ind2=" " tag="310"><subfield code="a">Monthly (10 issues yearly)</subfield></datafield><datafield ind1="0" ind2=" " tag="362"><subfield code="a">Vol. 1, no. 1 (Sept. 1968)-</subfield></datafield><datafield ind1=" " ind2=" " tag="588"><subfield code="a">Latest issue consulted: Mar. 16, 1971.</subfield></datafield><datafield ind1=" " ind2="0" tag="650"><subfield code="a">Underground press publications</subfield><subfield code="z">Illinois</subfield><subfield code="z">Dekalb.</subfield></datafield><datafield ind1=" " ind2="0" tag="650"><subfield code="a">Underground newspapers</subfield><subfield code="z">Illinois</subfield><subfield code="z">Dekalb.</subfield></datafield><datafield ind1=" " ind2="0" tag="651"><subfield code="a">De Kalb (Ill.)</subfield><subfield code="v">Newspapers.</subfield></datafield><datafield ind1=" " ind2="0" tag="651"><subfield code="a">De Kalb County (Ill.)</subfield><subfield code="v">Newspapers.</subfield></datafield><datafield ind1=" " ind2="7" tag="650"><subfield code="a">Underground newspapers</subfield><subfield code="2">fast</subfield><subfield code="0">(OCoLC)fst01160953</subfield></datafield><datafield ind1=" " ind2="7" tag="650"><subfield code="a">Underground press publications.</subfield><subfield code="2">fast</subfield><subfield code="0">(OCoLC)fst01160984</subfield></datafield><datafield ind1=" " ind2="7" tag="651"><subfield code="a">Illinois</subfield><subfield code="z">De Kalb.</subfield><subfield code="2">fast</subfield><subfield code="0">(OCoLC)fst01206287</subfield></datafield><datafield ind1=" " ind2="7" tag="651"><subfield code="a">Illinois</subfield><subfield code="z">De Kalb County.</subfield><subfield code="2">fast</subfield><subfield code="0">(OCoLC)fst01208068</subfield></datafield><datafield ind1=" " ind2="7" tag="655"><subfield code="a">Newspapers.</subfield><subfield code="2">fast</subfield><subfield code="0">(OCoLC)fst01423814</subfield></datafield><datafield ind1=" " ind2=" " tag="752"><subfield code="a">United States</subfield><subfield code="b">Illinois</subfield><subfield code="c">De Kalb</subfield><subfield code="d">De Kalb.</subfield></datafield><datafield ind1="1" ind2=" " tag="029"><subfield code="a">AU@</subfield><subfield code="b">000021432834</subfield></datafield></record>